@article{1999math......2027T,
  title = {Geometric Quantization and Mirror Symmetry},
  author = {Tyurin, Andrei},
  year = {1999},
  month = feb,
  journal = {arXiv Mathematics e-prints},
  eprint = {math/9902027},
  pages = {math/9902027},
  adsnote = {Provided by the SAO/NASA Astrophysics Data System},
  adsurl = {https://ui.adsabs.harvard.edu/abs/1999math......2027T},
  archiveprefix = {arxiv},
  eid = {math/9902027},
  keywords = {Algebraic Geometry}
}

@misc{359708,
  title = {A Relative Version of {{Ehresmann}}'s Theorem ({{https://mathoverflow.net/q/359708)}}},
  author = {{Meigniez (https://mathoverflow.net/users/105095/gael-meigniez)}, Gael},
  eprint = {https://mathoverflow.net/q/359708},
  howpublished = {MathOverflow}
}

@article{alexeevStablePairCompactification2019a,
  title = {Stable Pair Compactification of Moduli of {{K3}} Surfaces of Degree 2},
  author = {Alexeev, Valery and Engel, Philip and Thompson, Alan},
  year = {2019},
  month = mar,
  journal = {arXiv e-prints},
  pages = {arXiv:1903.09742},
  adsnote = {Provided by the SAO/NASA Astrophysics Data System},
  adsurl = {https://ui.adsabs.harvard.edu/abs/2019arXiv190309742A},
  eid = {arXiv:1903.09742},
  keywords = {Mathematics - Algebraic Geometry}
}

@misc{amini2021homology,
  title = {Homology of Tropical Fans},
  author = {Amini, Omid and Piquerez, Matthieu},
  year = {2021},
  eprint = {2105.01504},
  primaryclass = {math.AG},
  archiveprefix = {arxiv}
}

@misc{auroux2022lagrangian,
  title = {Lagrangian {{Floer}} Theory for Trivalent Graphs and Homological Mirror Symmetry for Curves},
  author = {Auroux, Denis and Efimov, Alexander I. and Katzarkov, Ludmil},
  year = {2022},
  eprint = {2107.01981},
  primaryclass = {math.SG},
  archiveprefix = {arxiv}
}

@book{bredonSheafTheory1997a,
  title = {Sheaf Theory},
  author = {Bredon, Glen E.},
  year = {1997},
  series = {Graduate Texts in Mathematics},
  edition = {Second},
  volume = {170},
  publisher = {{Springer-Verlag, New York}},
  doi = {10.1007/978-1-4612-0647-7},
  isbn = {0-387-94905-4},
  mrclass = {55N30 (18F20 54B40 55-02)},
  mrnumber = {1481706}
}

@misc{cartwright2015combinatorial,
  title = {Combinatorial Tropical Surfaces},
  author = {Cartwright, Dustin},
  year = {2015},
  eprint = {1506.02023},
  primaryclass = {math.CO},
  archiveprefix = {arxiv}
}

@misc{cavalieri2020tropical,
  title = {Tropical {{$\psi$}} Classes},
  author = {Cavalieri, Renzo and Gross, Andreas and Markwig, Hannah},
  year = {2020},
  eprint = {2009.00586},
  primaryclass = {math.AG},
  archiveprefix = {arxiv}
}

@article{duistermaatGlobalActionangleCoordinates1980a,
  title = {On Global Action-Angle Coordinates},
  author = {Duistermaat, J. J.},
  year = {1980},
  journal = {Communications on Pure and Applied Mathematics},
  volume = {33},
  number = {6},
  pages = {687--706},
  issn = {0010-3640},
  doi = {10.1002/cpa.3160330602},
  fjournal = {Communications on Pure and Applied Mathematics},
  mrclass = {58F05 (58G15 70G10)},
  mrnumber = {596430},
  mrreviewer = {Helmut R\"ussmann}
}

@book{emilyCategoryTheoryContext,
  title = {Category {{Theory}} in {{Context}}},
  author = {Emily, Riehl},
  year = {2016},
  month = nov,
  series = {Aurora: {{Modern Math Originals}}},
  publisher = {{Dover Publications}},
  abstract = {Introduction to concepts of category theory \&\#8212; categories, functors, natural transformations, the Yoneda lemma, limits and colimits, adjunctions, monads \&\#8212; revisits a broad range of mathematical examples from the categorical perspective. 2016 edition.},
  isbn = {978-0-486-80903-8}
}

@article{gathmannRiemannRochTheoremTropical2008a,
  title = {A {{Riemann-Roch}} Theorem in Tropical Geometry},
  author = {Gathmann, Andreas and Kerber, Michael},
  year = {2008},
  journal = {Mathematische Zeitschrift},
  volume = {259},
  number = {1},
  pages = {217--230},
  issn = {0025-5874},
  doi = {10.1007/s00209-007-0222-4},
  fjournal = {Mathematische Zeitschrift},
  mrclass = {14C40 (14H99 51M20)},
  mrnumber = {2377750},
  mrreviewer = {Joaquim Ro\'e}
}

@article{goldmanRadianceObstructionParallel1984a,
  title = {The Radiance Obstruction and Parallel Forms on Affine Manifolds},
  author = {Goldman, William and Hirsch, Morris W.},
  year = {1984},
  journal = {Transactions of the American Mathematical Society},
  volume = {286},
  number = {2},
  pages = {629--649},
  issn = {0002-9947},
  doi = {10.2307/1999812},
  fjournal = {Transactions of the American Mathematical Society},
  mrclass = {57R99 (53C20 55R25)},
  mrnumber = {760977},
  mrreviewer = {Kyung Bai Lee}
}

@article{gross2019sheaftheoretic,
  title = {A Sheaf-Theoretic Approach to Tropical Homology},
  author = {Gross, Andreas and Shokrieh, Farbod},
  year = {2019},
  journal = {arXiv preprint arXiv:1906.09245},
  eprint = {1906.09245},
  archiveprefix = {arxiv}
}

@misc{gross2022principal,
  title = {Principal Bundles on Metric Graphs: The {{GL\textsubscript{n}}} Case},
  author = {Gross, Andreas and Ulirsch, Martin and Zakharov, Dmitry},
  year = {2022},
  eprint = {2206.10219},
  primaryclass = {math.AG},
  archiveprefix = {arxiv}
}

@article{grossMirrorSymmetryLogarithmic2006a,
  title = {Mirror Symmetry via Logarithmic Degeneration Data. {{I}}},
  author = {Gross, Mark and Siebert, Bernd},
  year = {2006},
  journal = {Journal of Differential Geometry},
  volume = {72},
  number = {2},
  pages = {169--338},
  issn = {0022-040X},
  fjournal = {Journal of Differential Geometry},
  mrclass = {14J32 (32Q25)},
  mrnumber = {2213573},
  mrreviewer = {Diego Matessi}
}

@incollection{grossSpecialLagrangianFibrations1998a,
  title = {Special {{Lagrangian}} Fibrations. {{I}}. {{Topology}}},
  booktitle = {Integrable Systems and Algebraic Geometry ({{Kobe}}/{{Kyoto}}, 1997)},
  author = {Gross, Mark},
  year = {1998},
  pages = {156--193},
  publisher = {{World Sci. Publ., River Edge, NJ}},
  mrclass = {14J32 (14D05 14D07 32G20 53C38)},
  mrnumber = {1672120},
  mrreviewer = {Antony Maciocia}
}

@incollection{grossSpecialLagrangianFibrations1999,
  title = {Special {{Lagrangian}} Fibrations. {{II}}. {{Geometry}}. {{A}} Survey of Techniques in the Study of Special {{Lagrangian}} Fibrations},
  booktitle = {Surveys in Differential Geometry: Differential Geometry Inspired by String Theory},
  author = {Gross, Mark},
  year = {1999},
  series = {Surv. {{Differ}}. {{Geom}}.},
  volume = {5},
  pages = {341--403},
  publisher = {{Int. Press, Boston, MA}},
  doi = {10.4310/SDG.1999.v5.n1.a4},
  mrnumber = {1772274}
}

@phdthesis{grunert2017piecewise,
  title = {Piecewise Linear Morse Theory},
  author = {Grunert, Romain},
  year = {2017}
}

@book{hartshorneAlgebraicGeometry1977a,
  title = {Algebraic Geometry},
  author = {Hartshorne, Robin},
  year = {1977},
  publisher = {{Springer-Verlag, New York-Heidelberg}},
  isbn = {0-387-90244-9},
  mrclass = {14-01},
  mrnumber = {0463157},
  mrreviewer = {Robert Speiser}
}

@article{hatcher2004spectral,
  title = {Spectral Sequences},
  author = {Hatcher, Allen}
}

@book{hatcherAlgebraicTopology2002a,
  title = {Algebraic Topology},
  author = {Hatcher, Allen},
  year = {2002},
  publisher = {{Cambridge University Press, Cambridge}},
  isbn = {0-521-79160-X 0-521-79540-0},
  mrclass = {55-01 (55-00)},
  mrnumber = {1867354},
  mrreviewer = {Donald W. Kahn}
}

@book{hawkinsErgodicDynamicsBasic2021,
  title = {Ergodic Dynamics\textemdash from Basic Theory to Applications},
  author = {Hawkins, Jane},
  year = {2021},
  series = {Graduate {{Texts}} in {{Mathematics}}},
  volume = {289},
  publisher = {{Springer, Cham}},
  doi = {10.1007/978-3-030-59242-4},
  isbn = {978-3-030-59242-4 978-3-030-59241-7},
  mrnumber = {4221210}
}

@misc{https://doi.org/10.48550/arxiv.1904.04076,
  title = {Adiabatic Limits, {{Theta}} Functions, and Geometric Quantization},
  author = {Yoshida, Takahiko},
  year = {2019},
  publisher = {{arXiv}},
  doi = {10.48550/ARXIV.1904.04076},
  copyright = {arXiv.org perpetual, non-exclusive license},
  keywords = {53D50 (Primary),58H15,58J05 (Secondary),Differential Geometry (math.DG),FOS: Mathematics,Symplectic Geometry (math.SG)}
}

@misc{https://doi.org/10.48550/arxiv.2010.04957,
  title = {The Stable Hull of an Exact {$\infty$}-Category},
  author = {Klemenc, Jona},
  year = {2020},
  publisher = {{arXiv}},
  doi = {10.48550/ARXIV.2010.04957},
  copyright = {arXiv.org perpetual, non-exclusive license},
  keywords = {Algebraic Topology (math.AT),Category Theory (math.CT),FOS: Mathematics,Representation Theory (math.RT)}
}

@misc{https://doi.org/10.48550/arxiv.2202.01573,
  title = {Proto-Exact Categories of Modules over Semirings and Hyperrings},
  author = {Jun, Jaiung and Szczesny, Matt and Tolliver, Jeffrey},
  year = {2022},
  publisher = {{arXiv}},
  doi = {10.48550/ARXIV.2202.01573},
  copyright = {arXiv.org perpetual, non-exclusive license},
  keywords = {05B35,06B99,16Y20 (secondary),16Y60,18D99 (primary),Category Theory (math.CT),Combinatorics (math.CO),Commutative Algebra (math.AC),FOS: Mathematics}
}

@article{itenbergTropicalHomology2019b,
  title = {Tropical Homology},
  author = {Itenberg, Ilia and Katzarkov, Ludmil and Mikhalkin, Grigory and Zharkov, Ilia},
  year = {2019},
  journal = {Mathematische Annalen},
  volume = {374},
  number = {1-2},
  pages = {963--1006},
  issn = {0025-5831},
  doi = {10.1007/s00208-018-1685-9},
  fjournal = {Mathematische Annalen},
  mrclass = {14T05},
  mrnumber = {3961331},
  mrreviewer = {Helge Ruddat}
}

@book{iversenCohomologySheaves1986a,
  title = {Cohomology of Sheaves},
  author = {Iversen, Birger},
  year = {1986},
  series = {Universitext},
  publisher = {{Springer-Verlag, Berlin}},
  doi = {10.1007/978-3-642-82783-9},
  isbn = {3-540-16389-1},
  mrclass = {14F05 (14-01 18-01 54-01)},
  mrnumber = {842190},
  mrreviewer = {G. Horrocks}
}

@book{kashiwaraCategoriesSheaves2006,
  title = {Categories and Sheaves},
  author = {Kashiwara, Masaki and Schapira, Pierre},
  year = {2006},
  series = {Grundlehren Der Mathematischen Wissenschaften [{{Fundamental}} Principles of Mathematical Sciences]},
  volume = {332},
  pages = {x+497},
  publisher = {{Springer-Verlag, Berlin}},
  doi = {10.1007/3-540-27950-4},
  isbn = {978-3-540-27949-5 3-540-27949-0},
  mrclass = {18-02 (14F05 18F20)},
  mrnumber = {2182076},
  mrreviewer = {Corrado Marastoni}
}

@article{klainEulerRelationValuations1999,
  title = {An {{Euler}} Relation for Valuations on Polytopes},
  author = {Klain, Daniel A.},
  year = {1999},
  journal = {Advances in Mathematics},
  volume = {147},
  number = {1},
  pages = {1--34},
  issn = {0001-8708},
  doi = {10.1006/aima.1999.1831},
  mrnumber = {1725813}
}

@misc{knill2012graph,
  title = {A Graph Theoretical Poincare-Hopf Theorem},
  author = {Knill, Oliver},
  year = {2012},
  eprint = {1201.1162},
  primaryclass = {math.DG},
  archiveprefix = {arxiv}
}

@article{lopezdemedranoChernSchwartzMacPhersonCyclesMatroids2020,
  title = {Chern-{{Schwartz-MacPherson}} Cycles of Matroids},
  author = {{L{\'o}pez de Medrano}, Luc{\'i}a and Rinc{\'o}n, Felipe and Shaw, Kristin},
  year = {2020},
  journal = {Proceedings of the London Mathematical Society. Third Series},
  volume = {120},
  number = {1},
  pages = {1--27},
  issn = {0024-6115},
  doi = {10.1112/plms.12278},
  mrnumber = {3999674}
}

@mastersthesis{maehara2023,
  title = {Torelli Theorem for Primary Tropical {{Kodaira}} Surfaces},
  author = {Maehara, Kengo},
  school = {University of Tokyo}
}

@book{markus1963cosmological,
  title = {Cosmological Models in Differential Geometry},
  author = {Markus, L.},
  year = {1963},
  publisher = {{University of Minnesota Institute of Technology, Department of Mathematics}}
}

@phdthesis{meyer2011intersection,
  title = {Intersection Theory on Tropical Toric Varieties and Compactifications of Tropical Parameter Spaces},
  author = {Meyer, Henning},
  year = {2011},
  school = {Technische Universit\"at Kaiserslautern}
}

@misc{mikhalkin2018tropical,
  title = {Tropical Geometry},
  author = {Mikhalkin, Grigory and Rau, Johannes},
  year = {2018},
  publisher = {{available at https://math.uniandes.edu.co/\textbackslash\textasciitilde j.rau/index\textbackslash\_en.html}},
  archiveprefix = {available at https://math.uniandes.edu.co/\textbackslash\textasciitilde j.rau/index\textbackslash\_en.html},
  note = {available at https://math.uniandes.edu.co/\textasciitilde j.rau/index\_en.html}
}

@incollection{mikhalkinTropicalCurvesTheir2008a,
  title = {Tropical Curves, Their {{Jacobians}} and Theta Functions},
  booktitle = {Curves and Abelian Varieties},
  author = {Mikhalkin, Grigory and Zharkov, Ilia},
  year = {2008},
  series = {Contemp. {{Math}}.},
  volume = {465},
  pages = {203--230},
  publisher = {{Amer. Math. Soc., Providence, RI}},
  doi = {10.1090/conm/465/09104},
  mrclass = {14T05 (05C38 14H40 14H42)},
  mrnumber = {2457739}
}

@incollection{mikhalkinTropicalEigenwaveIntermediate2014a,
  title = {Tropical Eigenwave and Intermediate {{Jacobians}}},
  booktitle = {Homological Mirror Symmetry and Tropical Geometry},
  author = {Mikhalkin, Grigory and Zharkov, Ilia},
  year = {2014},
  series = {Lect. {{Notes Unione Mat}}. {{Ital}}.},
  volume = {15},
  pages = {309--349},
  publisher = {{Springer, Cham}},
  doi = {10.1007/978-3-319-06514-4_7},
  mrnumber = {3330789}
}

@incollection{mikhalkinTropicalGeometryIts2006,
  title = {Tropical Geometry and Its Applications},
  booktitle = {International {{Congress}} of {{Mathematicians}}. {{Vol}}. {{II}}},
  author = {Mikhalkin, Grigory},
  year = {2006},
  pages = {827--852},
  publisher = {{Eur. Math. Soc., Z\"urich}},
  mrclass = {14P99 (14N10 14N35 52B20)},
  mrnumber = {2275625},
  mrreviewer = {Jean-Yves Welschinger}
}

@book{MR0202713,
  title = {Topological Methods in Algebraic Geometry},
  author = {Hirzebruch, F.},
  year = {1966},
  series = {Die Grundlehren Der Mathematischen Wissenschaften, Band 131},
  edition = {enlarged},
  pages = {x+232},
  publisher = {{Springer-Verlag New York, Inc., New York}},
  mrclass = {14.00 (32.00)},
  mrnumber = {0202713},
  mrreviewer = {M. F. Atiyah}
}

@book{MR0239612,
  title = {Singular Points of Complex Hypersurfaces},
  author = {Milnor, John},
  year = {1968},
  series = {Annals of Mathematics Studies, No. 61},
  pages = {iii+122},
  publisher = {{Princeton University Press, Princeton, N.J.; University of Tokyo Press, Tokyo}},
  mrclass = {57.20 (14.00)},
  mrnumber = {0239612},
  mrreviewer = {J. P. Levine}
}

@article{MR0458467,
  title = {The Local Degree of a Smooth Mapping},
  author = {Him{\v s}ia{\v s}vili, G. N.},
  year = {1977},
  journal = {Sakharth. SSR Mecn. Akad. Moambe},
  volume = {85},
  number = {2},
  pages = {309--312},
  mrclass = {58C25},
  mrnumber = {0458467},
  mrreviewer = {G. R. Belickii}
}

@book{MR1011461,
  title = {Commutative Ring Theory},
  author = {Matsumura, Hideyuki},
  year = {1989},
  series = {Cambridge Studies in Advanced Mathematics},
  edition = {Second},
  volume = {8},
  pages = {xiv+320},
  publisher = {{Cambridge University Press, Cambridge}},
  isbn = {0-521-36764-6},
  mrclass = {13-01},
  mrnumber = {1011461}
}

@article{MR1160840,
  title = {Morse Inequalities for {{{\textbf{R}}}}-Constructible Sheaves},
  author = {Schapira, P. and Tose, N.},
  year = {1992},
  journal = {Advances in Mathematics},
  volume = {93},
  number = {1},
  pages = {1--8},
  issn = {0001-8708},
  doi = {10.1016/0001-8708(92)90022-D},
  fjournal = {Advances in Mathematics},
  mrclass = {58E05 (32S60 55N33 58G07 58G10)},
  mrnumber = {1160840},
  mrreviewer = {Luis Narv\'aez Macarro}
}

@incollection{MR1165544,
  title = {The Homology and Shellability of Matroids and Geometric Lattices},
  booktitle = {Matroid Applications},
  author = {Bj{\"o}rner, Anders},
  year = {1992},
  series = {Encyclopedia Math. {{Appl}}.},
  volume = {40},
  pages = {226--283},
  publisher = {{Cambridge Univ. Press, Cambridge}},
  doi = {10.1017/CBO9780511662041.008},
  mrclass = {52B40 (05B35 55N99)},
  mrnumber = {1165544},
  mrreviewer = {Michel Yves Jambu}
}

@article{MR1243782,
  title = {The Moment Map and Line Bundles over Presymplectic Toric Manifolds},
  author = {Karshon, Yael and Tolman, Susan},
  year = {1993},
  journal = {Journal of Differential Geometry},
  volume = {38},
  number = {3},
  pages = {465--484},
  issn = {0022-040X},
  fjournal = {Journal of Differential Geometry},
  mrclass = {58F05 (32L05 32L10)},
  mrnumber = {1243782},
  mrreviewer = {Ivailo M. Mladenov}
}

@book{MR1269324,
  title = {An Introduction to Homological Algebra},
  author = {Weibel, Charles A.},
  year = {1994},
  series = {Cambridge Studies in Advanced Mathematics},
  volume = {38},
  pages = {xiv+450},
  publisher = {{Cambridge University Press, Cambridge}},
  doi = {10.1017/CBO9781139644136},
  isbn = {0-521-43500-5 0-521-55987-1},
  mrclass = {18-01 (16-01 17-01 20-01 55Uxx)},
  mrnumber = {1269324},
  mrreviewer = {Kenneth A. Brown}
}

@inproceedings{MR1270931,
  title = {Morse Homotopy, {{A}}{\textsuperscript{{$\infty$}}}-Category, and {{Floer}} Homologies},
  booktitle = {Proceedings of {{GARC Workshop}} on {{Geometry}} and {{Topology}} '93 ({{Seoul}}, 1993)},
  author = {Fukaya, Kenji},
  year = {1993},
  series = {Lecture Notes Ser.},
  volume = {18},
  pages = {1--102},
  publisher = {{Seoul Nat. Univ., Seoul}},
  mrclass = {57R57 (55N35 57N10 58E05)},
  mrnumber = {1270931},
  mrreviewer = {Karl Friedrich Siburg}
}

@book{MR1299527,
  title = {Equivariant Sheaves and Functors},
  author = {Bernstein, Joseph and Lunts, Valery},
  year = {1994},
  series = {Lecture Notes in Mathematics},
  volume = {1578},
  pages = {iv+139},
  publisher = {{Springer-Verlag, Berlin}},
  doi = {10.1007/BFb0073549},
  isbn = {3-540-58071-9},
  mrclass = {55N91 (14M25 18E30 54B40 55N30)},
  mrnumber = {1299527},
  mrreviewer = {Yi Hu}
}

@book{MR1299726,
  title = {Sheaves on Manifolds},
  author = {Kashiwara, Masaki and Schapira, Pierre},
  year = {1994},
  series = {Grundlehren Der Mathematischen Wissenschaften [{{Fundamental}} Principles of Mathematical Sciences]},
  volume = {292},
  pages = {x+512},
  publisher = {{Springer-Verlag, Berlin}},
  isbn = {3-540-51861-4},
  mrclass = {58G07 (18F20 32C38 35A27)},
  mrnumber = {1299726}
}

@book{MR1301331,
  title = {Moment Maps and Combinatorial Invariants of {{Hamiltonian T\textsuperscript{n}-spaces}}},
  author = {Guillemin, Victor},
  year = {1994},
  series = {Progress in Mathematics},
  volume = {122},
  pages = {viii+150},
  publisher = {{Birkh\"auser Boston, Inc., Boston, MA}},
  doi = {10.1007/978-1-4612-0269-1},
  isbn = {0-8176-3770-2},
  mrclass = {58F06 (14C40 35L10 58F05)},
  mrnumber = {1301331},
  mrreviewer = {Alejandro Uribe}
}

@book{MR1311028,
  title = {Lectures on Polytopes},
  author = {Ziegler, G{\"u}nter M.},
  year = {1995},
  series = {Graduate Texts in Mathematics},
  volume = {152},
  pages = {x+370},
  publisher = {{Springer-Verlag, New York}},
  doi = {10.1007/978-1-4613-8431-1},
  isbn = {0-387-94365-X},
  mrclass = {52Bxx},
  mrnumber = {1311028},
  mrreviewer = {Margaret M. Bayer}
}

@book{MR1335917,
  title = {Topological Methods in Algebraic Geometry},
  author = {Hirzebruch, Friedrich},
  year = {1995},
  series = {Classics in Mathematics},
  pages = {xii+234},
  publisher = {{Springer-Verlag, Berlin}},
  isbn = {3-540-58663-6},
  mrclass = {57-02 (01A75 14-02)},
  mrnumber = {1335917}
}

@book{MR1336822,
  title = {Differential Topology},
  author = {Hirsch, Morris W.},
  year = {1994},
  series = {Graduate Texts in Mathematics},
  volume = {33},
  pages = {x+222},
  publisher = {{Springer-Verlag, New York}},
  isbn = {0-387-90148-5},
  mrclass = {57-01 (58-01)},
  mrnumber = {1336822}
}

@inproceedings{MR1403918,
  title = {Homological Algebra of Mirror Symmetry},
  booktitle = {Proceedings of the {{International Congress}} of {{Mathematicians}}, {{Vol}}. 1, 2 ({{Z\"urich}}, 1994)},
  author = {Kontsevich, Maxim},
  year = {1995},
  pages = {120--139},
  publisher = {{Birkh\"auser, Basel}},
  mrclass = {32J25 (14D07 14J32 18E30 32G05)},
  mrnumber = {1403918},
  mrreviewer = {Claire Voisin}
}

@article{MR1422337,
  title = {The Classification of {{Lagrangian}} Bundles over Surfaces},
  author = {Mishachev, K. N.},
  year = {1996},
  journal = {Differential Geometry and its Applications},
  volume = {6},
  number = {4},
  pages = {301--320},
  issn = {0926-2245},
  doi = {10.1016/S0926-2245(96)00024-1},
  fjournal = {Differential Geometry and its Applications},
  mrclass = {53C15 (57R30 58F05)},
  mrnumber = {1422337},
  mrreviewer = {Mihaela Manoliu}
}

@article{MR143204,
  title = {The {{Poincar\'e}} Polynomial of a Symmetric Product},
  author = {Macdonald, I. G.},
  year = {1962},
  journal = {Proceedings of the Cambridge Philosophical Society},
  volume = {58},
  pages = {563--568},
  issn = {0008-1981},
  fjournal = {Proceedings of the Cambridge Philosophical Society},
  mrclass = {55.30},
  mrnumber = {143204},
  mrreviewer = {S. S. Cairns}
}

@book{MR1435975,
  title = {Three-Dimensional Geometry and Topology. {{Vol}}. 1},
  author = {Thurston, William P.},
  year = {1997},
  series = {Princeton Mathematical Series},
  volume = {35},
  pages = {x+311},
  publisher = {{Princeton University Press, Princeton, NJ}},
  isbn = {0-691-08304-5},
  mrclass = {57M50 (53A35 57M25 57M60 57N10)},
  mrnumber = {1435975},
  mrreviewer = {Athanase Papadopoulos}
}

@article{MR1461965,
  title = {Geometric Quantization of Symplectic Manifolds with Respect to Reducible Non-Negative Polarizations},
  author = {Andersen, J{\o}rgen Ellegaard},
  year = {1997},
  journal = {Communications in Mathematical Physics},
  volume = {183},
  number = {2},
  pages = {401--421},
  issn = {0010-3616},
  doi = {10.1007/BF02506413},
  fjournal = {Communications in Mathematical Physics},
  mrclass = {58F06},
  mrnumber = {1461965},
  mrreviewer = {Johannes Huebschmann}
}

@article{MR154188,
  title = {The Volume of a Lattice Polyhedron},
  author = {Macdonald, I. G.},
  year = {1963},
  journal = {Proceedings of the Cambridge Philosophical Society},
  volume = {59},
  pages = {719--726},
  issn = {0008-1981},
  fjournal = {Proceedings of the Cambridge Philosophical Society},
  mrclass = {52.10},
  mrnumber = {154188},
  mrreviewer = {H. S. M. Coxeter}
}

@article{MR1664890,
  title = {Deformations of Calibrated Submanifolds},
  author = {McLean, Robert C.},
  year = {1998},
  journal = {Communications in Analysis and Geometry},
  volume = {6},
  number = {4},
  pages = {705--747},
  issn = {1019-8385},
  doi = {10.4310/CAG.1998.v6.n4.a4},
  fjournal = {Communications in Analysis and Geometry},
  mrclass = {53C42 (32G10 32J18 53C25 58D27)},
  mrnumber = {1664890},
  mrreviewer = {N. J. Hitchin}
}

@book{MR1712872,
  title = {Categories for the Working Mathematician},
  author = {Mac Lane, Saunders},
  year = {1998},
  series = {Graduate Texts in Mathematics},
  edition = {Second},
  volume = {5},
  pages = {xii+314},
  publisher = {{Springer-Verlag, New York}},
  isbn = {0-387-98403-8},
  mrclass = {18-02},
  mrnumber = {1712872}
}

@book{MR1726779,
  title = {General Topology. {{Chapters}} 1\textendash 4},
  author = {Bourbaki, Nicolas},
  year = {1998},
  series = {Elements of Mathematics (Berlin)},
  pages = {vii+437},
  publisher = {{Springer-Verlag, Berlin}},
  isbn = {3-540-64241-2},
  mrclass = {54-02 (00A05 54-01)},
  mrnumber = {1726779}
}

@article{MR1795551,
  title = {On the Cobordism Class of the {{Hilbert}} Scheme of a Surface},
  author = {Ellingsrud, Geir and G{\"o}ttsche, Lothar and Lehn, Manfred},
  year = {2001},
  journal = {Journal of Algebraic Geometry},
  volume = {10},
  number = {1},
  pages = {81--100},
  issn = {1056-3911},
  fjournal = {Journal of Algebraic Geometry},
  mrclass = {14C05 (14C17)},
  mrnumber = {1795551},
  mrreviewer = {Adrian Langer}
}

@book{MR1853077,
  title = {Lectures on Symplectic Geometry},
  author = {{Cannas da Silva}, Ana},
  year = {2001},
  series = {Lecture Notes in Mathematics},
  volume = {1764},
  pages = {xii+217},
  publisher = {{Springer-Verlag, Berlin}},
  doi = {10.1007/978-3-540-45330-7},
  isbn = {3-540-42195-5},
  mrclass = {53Dxx (53-01)},
  mrnumber = {1853077},
  mrreviewer = {Brendan J. Foreman}
}

@incollection{MR1876073,
  title = {Fukaya Category and {{Fourier}} Transform},
  booktitle = {Winter {{School}} on {{Mirror Symmetry}}, {{Vector Bundles}} and {{Lagrangian Submanifolds}} ({{Cambridge}}, {{MA}}, 1999)},
  author = {Arinkin, D. and Polishchuk, A.},
  year = {2001},
  series = {{{AMS}}/{{IP}} Stud. {{Adv}}. {{Math}}.},
  volume = {23},
  pages = {261--274},
  publisher = {{Amer. Math. Soc., Providence, RI}},
  doi = {10.1090/amsip/023/11},
  mrclass = {32L10 (14H52 14J32 18E30)},
  mrnumber = {1876073},
  mrreviewer = {Bal\'azs Szendr\H{o}i}
}

@book{MR1878556,
  title = {Algebra},
  author = {Lang, Serge},
  year = {2002},
  series = {Graduate Texts in Mathematics},
  edition = {Third},
  volume = {211},
  pages = {xvi+914},
  publisher = {{Springer-Verlag, New York}},
  doi = {10.1007/978-1-4613-0041-0},
  isbn = {0-387-95385-X},
  mrclass = {00A05 (15-02)},
  mrnumber = {1878556}
}

@incollection{MR1882331,
  title = {Homological Mirror Symmetry and Torus Fibrations},
  booktitle = {Symplectic Geometry and Mirror Symmetry ({{Seoul}}, 2000)},
  author = {Kontsevich, Maxim and Soibelman, Yan},
  year = {2001},
  pages = {203--263},
  publisher = {{World Sci. Publ., River Edge, NJ}},
  doi = {10.1142/9789812799821\\_0007},
  mrclass = {32Q25 (14J32 14K05 18E30 32G05 53C38)},
  mrnumber = {1882331},
  mrreviewer = {Bal\'azs Szendr\H{o}i}
}

@book{MR1917232,
  title = {Algebraic Geometry and Arithmetic Curves},
  author = {Liu, Qing},
  year = {2002},
  series = {Oxford Graduate Texts in Mathematics},
  volume = {6},
  pages = {xvi+576},
  publisher = {{Oxford University Press, Oxford}},
  isbn = {0-19-850284-2},
  mrclass = {14-01 (11G30 14A05 14A15 14Gxx 14Hxx)},
  mrnumber = {1917232},
  mrreviewer = {C\'icero Carvalho}
}

@book{MR1950475,
  title = {Methods of Homological Algebra},
  author = {Gelfand, Sergei I. and Manin, Yuri I.},
  year = {2003},
  series = {Springer Monographs in Mathematics},
  edition = {Second},
  pages = {xx+372},
  publisher = {{Springer-Verlag, Berlin}},
  doi = {10.1007/978-3-662-12492-5},
  isbn = {3-540-43583-2},
  mrclass = {18-02 (18Exx 18Gxx 55U35)},
  mrnumber = {1950475}
}

@book{MR2030225,
  title = {Compact Complex Surfaces},
  author = {Barth, Wolf P. and Hulek, Klaus and Peters, Chris A. M. and {Van de Ven}, Antonius},
  year = {2004},
  series = {Ergebnisse Der Mathematik Und Ihrer Grenzgebiete. 3. {{Folge}}. {{A}} Series of Modern Surveys in Mathematics [{{Results}} in Mathematics and Related Areas. 3rd Series. {{A}} Series of Modern Surveys in Mathematics]},
  edition = {Second},
  volume = {4},
  pages = {xii+436},
  publisher = {{Springer-Verlag, Berlin}},
  doi = {10.1007/978-3-642-57739-0},
  isbn = {3-540-00832-2},
  mrclass = {14Jxx (14-02 32-02 32J15 57R57)},
  mrnumber = {2030225},
  mrreviewer = {I. Dolgachev}
}

@book{MR2031639,
  title = {Topology of Singular Spaces and Constructible Sheaves},
  author = {Sch{\"u}rmann, J{\"o}rg},
  year = {2003},
  series = {Instytut Matematyczny Polskiej Akademii Nauk. {{Monografie}} Matematyczne (New Series) [{{Mathematics}} Institute of the Polish Academy of Sciences. {{Mathematical}} Monographs (New Series)]},
  volume = {63},
  pages = {x+452},
  publisher = {{Birkh\"auser Verlag, Basel}},
  doi = {10.1007/978-3-0348-8061-9},
  isbn = {3-7643-2189-X},
  mrclass = {32S60 (14F17 32L20)},
  mrnumber = {2031639},
  mrreviewer = {Harry Tamvakis}
}

@book{MR2050072,
  title = {Sheaves in Topology},
  author = {Dimca, Alexandru},
  year = {2004},
  series = {Universitext},
  pages = {xvi+236},
  publisher = {{Springer-Verlag, Berlin}},
  doi = {10.1007/978-3-642-18868-8},
  isbn = {3-540-20665-5},
  mrclass = {55N30 (14F43 32S60 55N25)},
  mrnumber = {2050072},
  mrreviewer = {Ana Jerem\'ias L\'opez}
}

@article{MR2079993,
  title = {Decomposition into Pairs-of-Pants for Complex Algebraic Hypersurfaces},
  author = {Mikhalkin, Grigory},
  year = {2004},
  journal = {Topology},
  volume = {43},
  number = {5},
  pages = {1035--1065},
  issn = {0040-9383},
  doi = {10.1016/j.top.2003.11.006},
  fjournal = {Topology. An International Journal of Mathematics},
  mrclass = {14J70 (14M25 32Q55)},
  mrnumber = {2079993},
  mrreviewer = {G. K. Sankaran}
}

@book{MR2095471,
  title = {Positivity in Algebraic Geometry. {{I}}},
  author = {Lazarsfeld, Robert},
  year = {2004},
  series = {Ergebnisse Der Mathematik Und Ihrer Grenzgebiete. 3. {{Folge}}. {{A}} Series of Modern Surveys in Mathematics [{{Results}} in Mathematics and Related Areas. 3rd Series. {{A}} Series of Modern Surveys in Mathematics]},
  volume = {48},
  pages = {xviii+387},
  publisher = {{Springer-Verlag, Berlin}},
  doi = {10.1007/978-3-642-18808-4},
  isbn = {3-540-22533-1},
  mrclass = {14-02 (14C20)},
  mrnumber = {2095471},
  mrreviewer = {Mihnea Popa}
}

@incollection{MR2181810,
  title = {Affine Structures and Non-{{Archimedean}} Analytic Spaces},
  booktitle = {The Unity of Mathematics},
  author = {Kontsevich, Maxim and Soibelman, Yan},
  year = {2006},
  series = {Progr. {{Math}}.},
  volume = {244},
  pages = {321--385},
  publisher = {{Birkh\"auser Boston, Boston, MA}},
  doi = {10.1007/0-8176-4467-9\_9},
  mrclass = {14J32 (14G22 32Q25)},
  mrnumber = {2181810},
  mrreviewer = {Mark Gross}
}

@article{MR2185977,
  title = {The {{Bergman}} Complex of a Matroid and Phylogenetic Trees},
  author = {Ardila, Federico and Klivans, Caroline J.},
  year = {2006},
  journal = {Journal of Combinatorial Theory},
  volume = {96},
  number = {1},
  pages = {38--49},
  issn = {0095-8956},
  doi = {10.1016/j.jctb.2005.06.004},
  fjournal = {Journal of Combinatorial Theory. Series B},
  mrclass = {05B35},
  mrnumber = {2185977},
  mrreviewer = {Neil L. White}
}

@article{MR2240909,
  title = {Homogeneous Coordinate Rings and Mirror Symmetry for Toric Varieties},
  author = {Abouzaid, Mohammed},
  year = {2006},
  journal = {Geometry \& Topology},
  volume = {10},
  pages = {1097--1156},
  issn = {1465-3060},
  doi = {10.2140/gt.2006.10.1097},
  fjournal = {Geometry and Topology},
  mrclass = {14J32 (14M25 53D40)},
  mrnumber = {2240909},
  mrreviewer = {Michael J. Usher}
}

@article{MR225327,
  title = {Critical Points and Curvature for Embedded Polyhedra},
  author = {Banchoff, Thomas},
  year = {1967},
  journal = {J. Differential Geometry},
  volume = {1},
  pages = {245--256},
  issn = {0022-040X},
  fjournal = {Journal of Differential Geometry},
  mrclass = {57.05},
  mrnumber = {225327},
  mrreviewer = {S. S. Cairns}
}

@book{MR2292510,
  title = {Riemannian Holonomy Groups and Calibrated Geometry},
  author = {Joyce, Dominic D.},
  year = {2007},
  series = {Oxford Graduate Texts in Mathematics},
  volume = {12},
  pages = {x+303},
  publisher = {{Oxford University Press, Oxford}},
  isbn = {978-0-19-921559-1},
  mrclass = {53C38 (53C29)},
  mrnumber = {2292510},
  mrreviewer = {Spiro Karigiannis}
}

@book{MR2293045,
  title = {The Geometry of {{Hessian}} Structures},
  author = {Shima, Hirohiko},
  year = {2007},
  pages = {xiv+246},
  publisher = {{World Scientific Publishing Co. Pte. Ltd., Hackensack, NJ}},
  doi = {10.1142/9789812707536},
  isbn = {978-981-270-031-5 981-270-031-5},
  mrclass = {53A15 (53-02)},
  mrnumber = {2293045},
  mrreviewer = {John C. Loftin}
}

@article{MR2355607,
  title = {Riemann-{{Roch}} and {{Abel-Jacobi}} Theory on a Finite Graph},
  author = {Baker, Matthew and Norine, Serguei},
  year = {2007},
  journal = {Advances in Mathematics},
  volume = {215},
  number = {2},
  pages = {766--788},
  issn = {0001-8708},
  doi = {10.1016/j.aim.2007.04.012},
  fjournal = {Advances in Mathematics},
  mrclass = {05C50 (05C25 05C38 14H99)},
  mrnumber = {2355607},
  mrreviewer = {Tatiana Smirnova-Nagnibeda}
}

@book{MR2359489,
  title = {Differential Analysis on Complex Manifolds},
  author = {Wells, Jr., Raymond O.},
  year = {2008},
  series = {Graduate Texts in Mathematics},
  edition = {Third},
  volume = {65},
  pages = {xiv+299},
  publisher = {{Springer, New York}},
  doi = {10.1007/978-0-387-73892-5},
  isbn = {978-0-387-73891-8},
  mrclass = {32-01 (58-01)},
  mrnumber = {2359489}
}

@article{MR2383898,
  title = {On the {{Fukaya}} Categories of Higher Genus Surfaces},
  author = {Abouzaid, Mohammed},
  year = {2008},
  journal = {Advances in Mathematics},
  volume = {217},
  number = {3},
  pages = {1192--1235},
  issn = {0001-8708},
  doi = {10.1016/j.aim.2007.08.011},
  fjournal = {Advances in Mathematics},
  mrclass = {53D40 (18F99 53D12 57R17)},
  mrnumber = {2383898},
  mrreviewer = {Michael J. Usher}
}

@incollection{MR2428356,
  title = {Tropical Toric Geometry},
  booktitle = {Toric Topology},
  author = {Kajiwara, Takeshi},
  year = {2008},
  series = {Contemp. {{Math}}.},
  volume = {460},
  pages = {197--207},
  publisher = {{Amer. Math. Soc., Providence, RI}},
  doi = {10.1090/conm/460/09018},
  mrclass = {14T05 (14M25 52B70)},
  mrnumber = {2428356},
  mrreviewer = {Joaquim Ro\'e}
}

@book{MR2441780,
  title = {Fukaya Categories and {{Picard-Lefschetz}} Theory},
  author = {Seidel, Paul},
  year = {2008},
  series = {Zurich Lectures in Advanced Mathematics},
  pages = {viii+326},
  publisher = {{European Mathematical Society (EMS), Z\"urich}},
  doi = {10.4171/063},
  isbn = {978-3-03719-063-0},
  mrclass = {53D40 (16E45 32Q65 53D12)},
  mrnumber = {2441780},
  mrreviewer = {Timothy Perutz}
}

@article{MR2448666,
  title = {Specialization of Linear Systems from Curves to Graphs},
  author = {Baker, Matthew},
  year = {2008},
  journal = {Algebra \& Number Theory},
  volume = {2},
  number = {6},
  pages = {613--653},
  issn = {1937-0652},
  doi = {10.2140/ant.2008.2.613},
  fjournal = {Algebra \& Number Theory},
  mrclass = {14C20 (05C99 14H51)},
  mrnumber = {2448666},
  mrreviewer = {Joaquim Ro\'e}
}

@article{MR2449059,
  title = {Constructible Sheaves and the {{Fukaya}} Category},
  author = {Nadler, David and Zaslow, Eric},
  year = {2009},
  journal = {Journal of the American Mathematical Society},
  volume = {22},
  number = {1},
  pages = {233--286},
  issn = {0894-0347},
  doi = {10.1090/S0894-0347-08-00612-7},
  fjournal = {Journal of the American Mathematical Society},
  mrclass = {53D37 (32S60 53D40)},
  mrnumber = {2449059},
  mrreviewer = {Richard P. Thomas}
}

@book{MR2451566,
  title = {Hodge Theory and Complex Algebraic Geometry. {{I}}},
  author = {Voisin, Claire},
  year = {2007},
  series = {Cambridge Studies in Advanced Mathematics},
  edition = {English},
  volume = {76},
  pages = {x+322},
  publisher = {{Cambridge University Press, Cambridge}},
  isbn = {978-0-521-71801-1},
  mrclass = {32J25 (14C30 14D07 32G20)},
  mrnumber = {2451566}
}

@article{MR2452307,
  title = {The Homology of Tropical Varieties},
  author = {Hacking, Paul},
  year = {2008},
  journal = {Collectanea Mathematica},
  volume = {59},
  number = {3},
  pages = {263--273},
  issn = {0010-0757},
  doi = {10.1007/BF03191187},
  fjournal = {Universitat de Barcelona. Collectanea Mathematica},
  mrclass = {14T05 (14F43 14M25)},
  mrnumber = {2452307},
  mrreviewer = {Joaquim Ro\'e}
}

@article{MR2511632,
  title = {Analytification Is the Limit of All Tropicalizations},
  author = {Payne, Sam},
  year = {2009},
  journal = {Mathematical Research Letters},
  volume = {16},
  number = {3},
  pages = {543--556},
  issn = {1073-2780},
  doi = {10.4310/MRL.2009.v16.n3.a13},
  fjournal = {Mathematical Research Letters},
  mrclass = {14T05 (14G22)},
  mrnumber = {2511632},
  mrreviewer = {Joaquim Ro\'e}
}

@book{MR2514037,
  title = {Abelian Varieties},
  author = {Mumford, David},
  year = {2008},
  series = {Tata Institute of Fundamental Research Studies in Mathematics},
  volume = {5},
  pages = {xii+263},
  publisher = {{Published for the Tata Institute of Fundamental Research, Bombay; by Hindustan Book Agency, New Delhi}},
  isbn = {978-81-85931-86-9 81-85931-86-0},
  mrclass = {14Kxx},
  mrnumber = {2514037}
}

@article{MR2525845,
  title = {Harmonic Morphisms and Hyperelliptic Graphs},
  author = {Baker, Matthew and Norine, Serguei},
  year = {2009},
  journal = {International Mathematics Research Notices. IMRN},
  number = {15},
  pages = {2914--2955},
  issn = {1073-7928},
  doi = {10.1093/imrn/rnp037},
  fjournal = {International Mathematics Research Notices. IMRN},
  mrclass = {14H55 (14H45 30F15)},
  mrnumber = {2525845},
  mrreviewer = {Eugenii Shustin}
}

@article{MR2529936,
  title = {Morse Homology, Tropical Geometry, and Homological Mirror Symmetry for Toric Varieties},
  author = {Abouzaid, Mohammed},
  year = {2009},
  journal = {Selecta Mathematica. New Series},
  volume = {15},
  number = {2},
  pages = {189--270},
  issn = {1022-1824},
  doi = {10.1007/s00029-009-0492-2},
  fjournal = {Selecta Mathematica. New Series},
  mrclass = {53D37 (14J33 14M25 14T05 53D40)},
  mrnumber = {2529936},
  mrreviewer = {Kwokwai Chan}
}

@book{MR2548482,
  title = {Lagrangian Intersection {{Floer}} Theory: Anomaly and Obstruction. {{Part II}}},
  author = {Fukaya, Kenji and Oh, Yong-Geun and Ohta, Hiroshi and Ono, Kaoru},
  year = {2009},
  series = {{{AMS}}/{{IP}} Studies in Advanced Mathematics},
  volume = {46},
  pages = {i--xii and 397--805},
  publisher = {{American Mathematical Society, Providence, RI; International Press, Somerville, MA}},
  doi = {10.1090/amsip/046.2},
  isbn = {978-0-8218-4837-1},
  mrclass = {53D40 (53D12)},
  mrnumber = {2548482},
  mrreviewer = {Michael J. Usher}
}

@article{MR2565051,
  title = {Microlocal Branes Are Constructible Sheaves},
  author = {Nadler, David},
  year = {2009},
  journal = {Selecta Mathematica. New Series},
  volume = {15},
  number = {4},
  pages = {563--619},
  issn = {1022-1824},
  doi = {10.1007/s00029-009-0008-0},
  fjournal = {Selecta Mathematica. New Series},
  mrclass = {53D37 (32S60 53D40 57R56)},
  mrnumber = {2565051},
  mrreviewer = {Richard P. Thomas}
}

@book{MR2567952,
  title = {Dirichlet Branes and Mirror Symmetry},
  author = {Aspinwall, Paul S. and Bridgeland, Tom and Craw, Alastair and Douglas, Michael R. and Gross, Mark and Kapustin, Anton and Moore, Gregory W. and Segal, Graeme and Szendr{\H o}i, Bal{\'a}zs and Wilson, P. M. H.},
  year = {2009},
  series = {Clay Mathematics Monographs},
  volume = {4},
  pages = {x+681},
  publisher = {{American Mathematical Society, Providence, RI; Clay Mathematics Institute, Cambridge, MA}},
  isbn = {978-0-8218-3848-8},
  mrclass = {53D37 (14E16 14F05 14J32 14J33 18E30 32Q25 81T30 81T40 81T45)},
  mrnumber = {2567952},
  mrreviewer = {Justin Sawon}
}

@article{MR2600650,
  title = {Combinatorics and Genus of Tropical Intersections and {{Ehrhart}} Theory},
  author = {Steffens, Reinhard and Theobald, Thorsten},
  year = {2010},
  journal = {SIAM Journal on Discrete Mathematics},
  volume = {24},
  number = {1},
  pages = {17--32},
  issn = {0895-4801},
  doi = {10.1137/09075024X},
  fjournal = {SIAM Journal on Discrete Mathematics},
  mrclass = {14T05 (52B20)},
  mrnumber = {2600650},
  mrreviewer = {Luis Felipe Tabera}
}

@article{MR2676658,
  title = {Torus Fibrations and Localization of Index {{I}}\textemdash{{Polarization}} and Acyclic Fibrations},
  author = {Fujita, Hajime and Furuta, Mikio and Yoshida, Takahiko},
  year = {2010},
  journal = {The University of Tokyo. Journal of Mathematical Sciences},
  volume = {17},
  number = {1},
  pages = {1--26},
  issn = {1340-5705},
  fjournal = {The University of Tokyo. Journal of Mathematical Sciences},
  mrclass = {53D50 (58J20)},
  mrnumber = {2676658},
  mrreviewer = {Bernhard A. Hanke}
}

@book{MR2722115,
  title = {Tropical Geometry and Mirror Symmetry},
  author = {Gross, Mark},
  year = {2011},
  series = {{{CBMS}} Regional Conference Series in Mathematics},
  volume = {114},
  pages = {xvi+317},
  publisher = {{Published for the Conference Board of the Mathematical Sciences, Washington, DC; by the American Mathematical Society, Providence, RI}},
  doi = {10.1090/cbms/114},
  isbn = {978-0-8218-5232-3},
  mrclass = {14T05 (14J32 14J33 52B20)},
  mrnumber = {2722115},
  mrreviewer = {Hsian-Hua Tseng}
}

@article{MR2737696,
  title = {Classification of {{Lagrangian}} Fibrations over a {{Klein}} Bottle},
  author = {Sepe, Daniele},
  year = {2010},
  journal = {Geometriae Dedicata},
  volume = {149},
  pages = {347--362},
  issn = {0046-5755},
  doi = {10.1007/s10711-010-9485-8},
  fjournal = {Geometriae Dedicata},
  mrclass = {53D35 (37J35 53D12 57R17)},
  mrnumber = {2737696},
  mrreviewer = {Tobias Ekholm}
}

@book{MR2810322,
  title = {Toric Varieties},
  author = {Cox, David A. and Little, John B. and Schenck, Henry K.},
  year = {2011},
  series = {Graduate Studies in Mathematics},
  volume = {124},
  pages = {xxiv+841},
  publisher = {{American Mathematical Society, Providence, RI}},
  doi = {10.1090/gsm/124},
  isbn = {978-0-8218-4819-7},
  mrclass = {14M25 (05A15 05E45 52B12)},
  mrnumber = {2810322},
  mrreviewer = {Ivan Arzhantsev}
}

@article{MR2822213,
  title = {A Cotangent Fibre Generates the {{Fukaya}} Category},
  author = {Abouzaid, Mohammed},
  year = {2011},
  journal = {Advances in Mathematics},
  volume = {228},
  number = {2},
  pages = {894--939},
  issn = {0001-8708},
  doi = {10.1016/j.aim.2011.06.007},
  fjournal = {Advances in Mathematics},
  mrclass = {53D37},
  mrnumber = {2822213},
  mrreviewer = {Michael J. Usher}
}

@article{MR2871160,
  title = {T-Duality and Homological Mirror Symmetry for Toric Varieties},
  author = {Fang, Bohan and Liu, Chiu-Chu Melissa and Treumann, David and Zaslow, Eric},
  year = {2012},
  journal = {Advances in Mathematics},
  volume = {229},
  number = {3},
  pages = {1875--1911},
  issn = {0001-8708},
  doi = {10.1016/j.aim.2011.10.022},
  fjournal = {Advances in Mathematics},
  mrclass = {14J33 (14M25)},
  mrnumber = {2871160},
  mrreviewer = {Siu-Cheong Lau}
}

@article{MR2879247,
  title = {Toric {{K\"ahler}} Metrics Seen from Infinity, Quantization and Compact Tropical Amoebas},
  author = {Baier, Thomas and Florentino, Carlos and Mour{\~a}o, Jos{\'e} M. and Nunes, Jo{\~a}o P.},
  year = {2011},
  journal = {Journal of Differential Geometry},
  volume = {89},
  number = {3},
  pages = {411--454},
  issn = {0022-040X},
  fjournal = {Journal of Differential Geometry},
  mrclass = {53D50 (14T05)},
  mrnumber = {2879247},
  mrreviewer = {Daniel Sean Fitzpatrick}
}

@article{MR2892935,
  title = {Super Currents and Tropical Geometry},
  author = {Lagerberg, Aron},
  year = {2012},
  journal = {Mathematische Zeitschrift},
  volume = {270},
  number = {3-4},
  pages = {1011--1050},
  issn = {0025-5874},
  doi = {10.1007/s00209-010-0837-8},
  fjournal = {Mathematische Zeitschrift},
  mrclass = {58A25 (14T05 32U05 32U40 52A01)},
  mrnumber = {2892935},
  mrreviewer = {Patrick Popescu-Pampu}
}

@article{MR2892941,
  title = {Linear Systems on Tropical Curves},
  author = {Haase, Christian and Musiker, Gregg and Yu, Josephine},
  year = {2012},
  journal = {Mathematische Zeitschrift},
  volume = {270},
  number = {3-4},
  pages = {1111--1140},
  issn = {0025-5874},
  doi = {10.1007/s00209-011-0844-4},
  fjournal = {Mathematische Zeitschrift},
  mrclass = {14T05 (14C20)},
  mrnumber = {2892941},
  mrreviewer = {Joaquim Ro\'e}
}

@article{MR3041763,
  title = {The Diagonal of Tropical Matroid Varieties and Cycle Intersections},
  author = {Fran{\c c}ois, Georges and Rau, Johannes},
  year = {2013},
  journal = {Collectanea Mathematica},
  volume = {64},
  number = {2},
  pages = {185--210},
  issn = {0010-0757},
  doi = {10.1007/s13348-012-0072-1},
  fjournal = {Collectanea Mathematica},
  mrclass = {14T05 (14C17)},
  mrnumber = {3041763},
  mrreviewer = {Patrick Popescu-Pampu}
}

@article{MR3051517,
  title = {Belian Categories},
  author = {Deitmar, Anton},
  year = {2012},
  journal = {Far East J. Math. Sci. (FJMS)},
  volume = {70},
  number = {1},
  pages = {1--46},
  issn = {0972-0871},
  fjournal = {Far East Journal of Mathematical Sciences (FJMS)},
  mrclass = {11G25 (14A15 14F05 18E99 18F20)},
  mrnumber = {3051517},
  mrreviewer = {Stefan Schr\"oer}
}

@incollection{MR3076066,
  title = {Some Speculations on Pairs-of-Pants Decompositions and {{Fukaya}} Categories},
  booktitle = {Surveys in Differential Geometry. {{Vol}}. {{XVII}}},
  author = {Seidel, Paul},
  year = {2012},
  series = {Surv. {{Differ}}. {{Geom}}.},
  volume = {17},
  pages = {411--425},
  publisher = {{Int. Press, Boston, MA}},
  doi = {10.4310/SDG.2012.v17.n1.a9},
  mrclass = {53D40 (14T05 53D37)},
  mrnumber = {3076066},
  mrreviewer = {Nick Sheridan}
}

@article{MR3079343,
  title = {Universal {{Lagrangian}} Bundles},
  author = {Sepe, Daniele},
  year = {2013},
  journal = {Geometriae Dedicata},
  volume = {165},
  pages = {53--93},
  issn = {0046-5755},
  doi = {10.1007/s10711-013-9860-3},
  fjournal = {Geometriae Dedicata},
  mrclass = {53A15 (37J35 53D12 57R17 70H06)},
  mrnumber = {3079343},
  mrreviewer = {Ioan Bucataru}
}

@book{MR3112817,
  title = {Quantum Theory for Mathematicians},
  author = {Hall, Brian C.},
  year = {2013},
  series = {Graduate Texts in Mathematics},
  volume = {267},
  pages = {xvi+554},
  publisher = {{Springer, New York}},
  doi = {10.1007/978-1-4614-7116-5},
  isbn = {978-1-4614-7115-8 978-1-4614-7116-5},
  mrclass = {81-02 (46N50)},
  mrnumber = {3112817}
}

@article{MR3153919,
  title = {The {{Orlik-Solomon}} Algebra and the {{Bergman}} Fan of a Matroid},
  author = {Zharkov, Ilia},
  year = {2013},
  journal = {J. G\"okova Geom. Topol. GGT},
  volume = {7},
  pages = {25--31},
  fjournal = {Journal of G\"okova Geometry Topology. GGT},
  mrclass = {14T05 (52B40)},
  mrnumber = {3153919}
}

@article{MR3173401,
  title = {Torus Fibrations and Localization of Index {{II}}: Local Index for Acyclic Compatible System},
  author = {Fujita, Hajime and Furuta, Mikio and Yoshida, Takahiko},
  year = {2014},
  journal = {Communications in Mathematical Physics},
  volume = {326},
  number = {3},
  pages = {585--633},
  issn = {0010-3616},
  doi = {10.1007/s00220-014-1890-7},
  fjournal = {Communications in Mathematical Physics},
  mrclass = {58J20 (19K56 81Q10 81Q12)},
  mrnumber = {3173401},
  mrreviewer = {Hang Wang}
}

@article{MR3211743,
  title = {Exact Sequences of Commutative Monoids and Semimodules},
  author = {Abuhlail, Jawad Y.},
  year = {2014},
  journal = {Homology, Homotopy and Applications},
  volume = {16},
  number = {1},
  pages = {199--214},
  issn = {1532-0073},
  doi = {10.4310/HHA.2014.v16.n1.a12},
  fjournal = {Homology, Homotopy and Applications},
  mrclass = {16Y60 (18A30 18G60)},
  mrnumber = {3211743},
  mrreviewer = {J\v{i}r\'i Rosick\'y}
}

@book{MR3287221,
  title = {Introduction to Tropical Geometry},
  author = {Maclagan, Diane and Sturmfels, Bernd},
  year = {2015},
  series = {Graduate Studies in Mathematics},
  volume = {161},
  pages = {xii+363},
  publisher = {{American Mathematical Society, Providence, RI}},
  doi = {10.1090/gsm/161},
  isbn = {978-0-8218-5198-2},
  mrclass = {14T05 (05B35 14M25 15A80 52B70)},
  mrnumber = {3287221},
  mrreviewer = {Patrick Popescu-Pampu}
}

@incollection{MR3525095,
  title = {Theta Functions and Mirror Symmetry},
  booktitle = {Surveys in Differential Geometry 2016. {{Advances}} in Geometry and Mathematical Physics},
  author = {Gross, Mark and Siebert, Bernd},
  year = {2016},
  series = {Surv. {{Differ}}. {{Geom}}.},
  volume = {21},
  pages = {95--138},
  publisher = {{Int. Press, Somerville, MA}},
  mrclass = {14J33 (14K25)},
  mrnumber = {3525095},
  mrreviewer = {Sergiy Koshkin}
}

@book{MR3560225,
  title = {Manifolds, Sheaves, and Cohomology},
  author = {Wedhorn, Torsten},
  year = {2016},
  series = {Springer Studium {{Mathematik}}\textemdash{{Master}}},
  pages = {xvi+354},
  publisher = {{Springer Spektrum, Wiesbaden}},
  doi = {10.1007/978-3-658-10633-1},
  isbn = {978-3-658-10632-4 978-3-658-10633-1},
  mrclass = {55N30 (14F05 57R19)},
  mrnumber = {3560225},
  mrreviewer = {Man-Ho Ho}
}

@article{MR3656481,
  title = {The Family {{Floer}} Functor Is Faithful},
  author = {Abouzaid, Mohammed},
  year = {2017},
  journal = {Journal of the European Mathematical Society (JEMS)},
  volume = {19},
  number = {7},
  pages = {2139--2217},
  issn = {1435-9855},
  doi = {10.4171/JEMS/715},
  fjournal = {Journal of the European Mathematical Society (JEMS)},
  mrclass = {53D40 (14F05 14J33 53D12 53D37)},
  mrnumber = {3656481},
  mrreviewer = {Darko Milinkovi\'c}
}

@article{MR3665000,
  title = {Chern's Conjecture for Special Affine Manifolds},
  author = {Klingler, Bruno},
  year = {2017},
  journal = {Annals of Mathematics. Second Series},
  volume = {186},
  number = {1},
  pages = {69--95},
  issn = {0003-486X},
  doi = {10.4007/annals.2017.186.1.2},
  fjournal = {Annals of Mathematics. Second Series},
  mrclass = {53A15 (53C10 57R15 57R20)},
  mrnumber = {3665000},
  mrreviewer = {Andreas Arvanitoyeorgos}
}

@article{MR3668972,
  title = {Tropical Count of Curves on Abelian Varieties},
  author = {Halle, Lars Halvard and Rose, Simon C. F.},
  year = {2017},
  journal = {Communications in Number Theory and Physics},
  volume = {11},
  number = {1},
  pages = {219--248},
  issn = {1931-4523},
  doi = {10.4310/CNTP.2017.v11.n1.a5},
  fjournal = {Communications in Number Theory and Physics},
  mrclass = {14T05 (14K12)},
  mrnumber = {3668972},
  mrreviewer = {Ralph E. Morrison}
}

@inproceedings{MR3728639,
  title = {Family {{Floer}} Cohomology and Mirror Symmetry},
  booktitle = {Proceedings of the {{International Congress}} of {{Mathematicians}}\textemdash{{Seoul}} 2014. {{Vol}}. {{II}}},
  author = {Abouzaid, Mohammed},
  year = {2014},
  pages = {813--836},
  publisher = {{Kyung Moon Sa, Seoul}},
  mrclass = {53D40 (14J33)},
  mrnumber = {3728639}
}

@incollection{MR3779558,
  title = {Topology of Real Singularities},
  booktitle = {Singularities and Foliations. Geometry, Topology and Applications},
  author = {Dutertre, Nicolas},
  year = {2018},
  series = {Springer Proc. {{Math}}. {{Stat}}.},
  volume = {222},
  pages = {51--88},
  publisher = {{Springer, Cham}},
  doi = {10.1007/978-3-319-73639-6\_2},
  mrclass = {58K15 (58K65)},
  mrnumber = {3779558}
}

@book{MR3838359,
  title = {Lectures on Logarithmic Algebraic Geometry},
  author = {Ogus, Arthur},
  year = {2018},
  series = {Cambridge Studies in Advanced Mathematics},
  volume = {178},
  pages = {xviii+539},
  publisher = {{Cambridge University Press, Cambridge}},
  doi = {10.1017/9781316941614},
  isbn = {978-1-107-18773-3},
  mrclass = {14D06 (14A20 14M25)},
  mrnumber = {3838359},
  mrreviewer = {Howard M. Thompson}
}

@book{MR3839322,
  title = {Combinatorial Reciprocity Theorems},
  author = {Beck, Matthias and Sanyal, Raman},
  year = {2018},
  series = {Graduate Studies in Mathematics},
  volume = {195},
  pages = {xiv+308},
  publisher = {{American Mathematical Society, Providence, RI}},
  doi = {10.1090/gsm/195},
  isbn = {978-1-4704-2200-4},
  mrclass = {05-01 (05A15 05C30 06A07 11P21 52B05 52C35)},
  mrnumber = {3839322},
  mrreviewer = {Philippe Nadeau}
}

@incollection{MR3848738,
  title = {The {{SYZ}} Conjecture via Homological Mirror Symmetry},
  booktitle = {Superschool on Derived Categories and {{D-Branes}}},
  author = {Bejleri, Dori},
  year = {2018},
  series = {Springer Proc. {{Math}}. {{Stat}}.},
  volume = {240},
  pages = {163--182},
  publisher = {{Springer, Cham}},
  doi = {10.1007/978-3-319-91626-2\\_13},
  mrclass = {14J33 (14F05 53D37)},
  mrnumber = {3848738},
  mrreviewer = {Nathan Priddis}
}

@article{MR3894860,
  title = {Lefschetz (1,1)-Theorem in Tropical Geometry},
  author = {Jell, Philipp and Rau, Johannes and Shaw, Kristin},
  year = {2018},
  journal = {\'Epijournal G\'eom. Alg\'ebrique},
  volume = {2},
  pages = {Art. 11, 27},
  doi = {10.46298/epiga.2018.volume2.4126},
  fjournal = {\'Epijournal de G\'eom\'etrie Alg\'ebrique. EPIGA},
  mrclass = {14T05 (14C22 14C25 52B40 55N35)},
  mrnumber = {3894860},
  mrreviewer = {Gary P. Kennedy}
}

@article{MR3903579,
  title = {Superforms, Tropical Cohomology, and {{Poincar\'e}} Duality},
  author = {Jell, Philipp and Shaw, Kristin and Smacka, Jascha},
  year = {2019},
  journal = {Advances in Geometry},
  volume = {19},
  number = {1},
  pages = {101--130},
  issn = {1615-715X},
  doi = {10.1515/advgeom-2018-0006},
  fjournal = {Advances in Geometry},
  mrclass = {14T05},
  mrnumber = {3903579},
  mrreviewer = {Jaiung Jun}
}

@article{MR3939048,
  title = {Homological Algebra in Characteristic One},
  author = {Connes, Alain and Consani, Caterina},
  year = {2019},
  journal = {Higher Structures},
  volume = {3},
  number = {1},
  pages = {155--247},
  fjournal = {Higher Structures},
  mrclass = {18C99 (11S40 12K10 14A15)},
  mrnumber = {3939048},
  mrreviewer = {Dikran Dikranjan}
}

@book{MR3970975,
  title = {Higher {{Segal}} Spaces},
  author = {Dyckerhoff, Tobias and Kapranov, Mikhail},
  year = {2019},
  series = {Lecture Notes in Mathematics},
  volume = {2244},
  pages = {xv+218},
  publisher = {{Springer, Cham}},
  doi = {10.1007/978-3-030-27124-4},
  isbn = {978-3-030-27122-0 978-3-030-27124-4},
  mrclass = {55U35 (05E05 05E10 18N50 19D10 55U10)},
  mrnumber = {3970975},
  mrreviewer = {David A. Blanc}
}

@article{MR4016643,
  title = {Picard Groups for Tropical Toric Schemes},
  author = {Jun, Jaiung and Mincheva, Kalina and Tolliver, Jeffrey},
  year = {2019},
  journal = {Manuscripta Mathematica},
  volume = {160},
  number = {3-4},
  pages = {339--357},
  issn = {0025-2611},
  doi = {10.1007/s00229-018-1062-8},
  fjournal = {Manuscripta Mathematica},
  mrclass = {14T05 (06F05 12K10 14C22 16Y60)},
  mrnumber = {4016643},
  mrreviewer = {Yoav Len}
}

@article{MR402764,
  title = {Some Simple Examples of Symplectic Manifolds},
  author = {Thurston, W. P.},
  year = {1976},
  journal = {Proceedings of the American Mathematical Society},
  volume = {55},
  number = {2},
  pages = {467--468},
  issn = {0002-9939},
  doi = {10.2307/2041749},
  fjournal = {Proceedings of the American Mathematical Society},
  mrclass = {57D15},
  mrnumber = {402764},
  mrreviewer = {Edgar H. Brown, Jr.}
}

@article{MR413010,
  title = {On Certain Locally Flat Homogeneous Manifolds of Solvable {{Lie}} Groups},
  author = {Shima, Hirohiko},
  year = {1976},
  journal = {Osaka Math. J.},
  volume = {13},
  number = {2},
  pages = {213--229},
  issn = {0388-0699},
  fjournal = {Osaka Mathematical Journal},
  mrclass = {53C30},
  mrnumber = {413010},
  mrreviewer = {\`E. Vinberg}
}

@article{MR4131998,
  title = {Tropical Complexes},
  author = {Cartwright, Dustin},
  year = {2020},
  journal = {Manuscripta Mathematica},
  volume = {163},
  number = {1-2},
  pages = {227--261},
  issn = {0025-2611},
  doi = {10.1007/s00229-019-01148-3},
  fjournal = {Manuscripta Mathematica},
  mrclass = {14T20 (14D06 14T15)},
  mrnumber = {4131998}
}

@article{MR4132582,
  title = {The Nonequivariant Coherent-Constructible Correspondence for Toric Stacks},
  author = {Kuwagaki, Tatsuki},
  year = {2020},
  journal = {Duke Mathematical Journal},
  volume = {169},
  number = {11},
  pages = {2125--2197},
  issn = {0012-7094},
  doi = {10.1215/00127094-2020-0011},
  fjournal = {Duke Mathematical Journal},
  mrclass = {53D37 (14A20 14J33 14M25 35A27)},
  mrnumber = {4132582},
  mrreviewer = {Amin Gholampour}
}

@article{MR4155409,
  title = {Tropical {{Ehrhart}} Theory and Tropical Volume},
  author = {Loho, Georg and Schymura, Matthias},
  year = {2020},
  journal = {Research in the Mathematical Sciences},
  volume = {7},
  number = {4},
  pages = {Paper No. 30, 34},
  issn = {2522-0144},
  doi = {10.1007/s40687-020-00228-1},
  fjournal = {Research in the Mathematical Sciences},
  mrclass = {14T15 (16Y60 52B20 52C07)},
  mrnumber = {4155409}
}

@article{MR4229604,
  title = {Tropical Theta Functions and {{Riemann-Roch}} Inequality for Tropical {{Abelian}} Surfaces},
  author = {Sumi, Ken},
  year = {2021},
  journal = {Mathematische Zeitschrift},
  volume = {297},
  number = {3-4},
  pages = {1329--1351},
  issn = {0025-5874},
  doi = {10.1007/s00209-020-02559-9},
  fjournal = {Mathematische Zeitschrift},
  mrclass = {14Txx (14C40)},
  mrnumber = {4229604}
}

@article{MR4234675,
  title = {Homological Mirror Symmetry of {{CP\textsuperscript{n}}} and Their Products via {{Morse}} Homotopy},
  author = {Futaki, Masahiro and Kajiura, Hiroshige},
  year = {2021},
  journal = {Journal of Mathematical Physics},
  volume = {62},
  number = {3},
  pages = {Paper No. 032307, 21},
  issn = {0022-2488},
  doi = {10.1063/5.0029165},
  fjournal = {Journal of Mathematical Physics},
  mrclass = {14J33 (14F08 53D37)},
  mrnumber = {4234675}
}

@incollection{MR4237881,
  title = {Degenerations and {{Lagrangian}} Fibrations of {{Calabi-Yau}} Manifolds},
  booktitle = {Handbook for Mirror Symmetry of {{Calabi-Yau}} \& {{Fano}} Manifolds},
  author = {Kanazawa, Atsushi},
  year = {[2020] 2020},
  series = {Adv. {{Lect}}. {{Math}}. ({{ALM}})},
  volume = {47},
  pages = {149--204},
  publisher = {{Int. Press, Somerville, MA}},
  mrclass = {14J33 (14D05)},
  mrnumber = {4237881}
}

@article{MR4246795,
  title = {Cycles, Cocycles, and Duality on Tropical Manifolds},
  author = {Gross, Andreas and Shokrieh, Farbod},
  year = {2021},
  journal = {Proceedings of the American Mathematical Society},
  volume = {149},
  number = {6},
  pages = {2429--2444},
  issn = {0002-9939},
  doi = {10.1090/proc/15468},
  fjournal = {Proceedings of the American Mathematical Society},
  mrclass = {14T10 (05B35 14C17)},
  mrnumber = {4246795}
}

@article{MR4251610,
  title = {A Specialization Inequality for Tropical Complexes},
  author = {Cartwright, Dustin},
  year = {2021},
  journal = {Compositio Mathematica},
  volume = {157},
  number = {5},
  pages = {1051--1078},
  issn = {0010-437X},
  doi = {10.1112/S0010437X21007053},
  fjournal = {Compositio Mathematica},
  mrclass = {14T20 (14C20 14D06)},
  mrnumber = {4251610}
}

@article{MR4275791,
  title = {A Lattice Version of the {{Atiyah-Singer}} Index Theorem},
  author = {Yamashita, Mayuko},
  year = {2021},
  journal = {Communications in Mathematical Physics},
  volume = {385},
  number = {1},
  pages = {495--520},
  issn = {0010-3616},
  doi = {10.1007/s00220-021-04021-1},
  fjournal = {Communications in Mathematical Physics},
  mrclass = {58J20 (19K56)},
  mrnumber = {4275791},
  mrreviewer = {Peter Haskell}
}

@article{MR4301560,
  title = {Homological Mirror Symmetry without Correction},
  author = {Abouzaid, Mohammed},
  year = {2021},
  journal = {Journal of the American Mathematical Society},
  volume = {34},
  number = {4},
  pages = {1059--1173},
  issn = {0894-0347},
  doi = {10.1090/jams/973},
  fjournal = {Journal of the American Mathematical Society},
  mrclass = {53D37 (14G22 14J33)},
  mrnumber = {4301560}
}

@article{MR4540954,
  title = {The Tropical {{Poincar\'e-Hopf}} Theorem},
  author = {Rau, Johannes},
  year = {2023},
  journal = {Journal of Combinatorial Theory},
  volume = {196},
  pages = {Paper No. 105733, 28},
  issn = {0097-3165},
  doi = {10.1016/j.jcta.2023.105733},
  fjournal = {Journal of Combinatorial Theory. Series A},
  mrclass = {14T15 (05B35 52B40 55N45)},
  mrnumber = {4540954}
}

@article{MR4582532,
  title = {Tautological Cycles on Tropical {{Jacobians}}},
  author = {Gross, Andreas and Shokrieh, Farbod},
  year = {2023},
  journal = {Algebra \& Number Theory},
  volume = {17},
  number = {4},
  pages = {885--921},
  issn = {1937-0652},
  doi = {10.2140/ant.2023.17.885},
  fjournal = {Algebra \& Number Theory},
  mrclass = {14T20 (14H40 14H42 14H51)},
  mrnumber = {4582532}
}

@article{MR4583774,
  title = {Lagrangian Geometry of Matroids},
  author = {Ardila, Federico and Denham, Graham and Huh, June},
  year = {2023},
  journal = {Journal of the American Mathematical Society},
  volume = {36},
  number = {3},
  pages = {727--794},
  issn = {0894-0347},
  doi = {10.1090/jams/1009},
  fjournal = {Journal of the American Mathematical Society},
  mrclass = {05B35 (14T15 14T20)},
  mrnumber = {4583774}
}

@inproceedings{MR714338,
  title = {The Real {{Monge-Amp\`ere}} Equation and Affine Flat Structures},
  booktitle = {Proceedings of the 1980 {{Beijing Symposium}} on {{Differential Geometry}} and {{Differential Equations}}, {{Vol}}. 1, 2, 3 ({{Beijing}}, 1980)},
  author = {Cheng, Shiu Yuen and Yau, Shing-Tung},
  year = {1982},
  pages = {339--370},
  publisher = {{Sci. Press Beijing, Beijing}},
  mrclass = {53C55 (35J65 53C45 58G30)},
  mrnumber = {714338},
  mrreviewer = {Philippe Delano\"e}
}

@book{MR862114,
  title = {Bieberbach Groups and Flat Manifolds},
  author = {Charlap, Leonard S.},
  year = {1986},
  series = {Universitext},
  pages = {xiv+242},
  publisher = {{Springer-Verlag, New York}},
  doi = {10.1007/978-1-4613-8687-2},
  isbn = {0-387-96395-2},
  mrclass = {57S30 (22E40 53C30)},
  mrnumber = {862114},
  mrreviewer = {Kyung Bai Lee}
}

@incollection{MR874583,
  title = {On a New Superposition Principle for Optimization Problem},
  booktitle = {S\'eminaire Sur Les \'Equations Aux D\'eriv\'ees Partielles, 1985\textendash 1986},
  author = {Maslov, V. P.},
  year = {1986},
  pages = {Exp. No. XXIV, 14},
  publisher = {{\'Ecole Polytech., Palaiseau}},
  mrclass = {49A22 (35K05)},
  mrnumber = {874583}
}

@article{MR932640,
  title = {Resolutions of Unbounded Complexes},
  author = {Spaltenstein, N.},
  year = {1988},
  journal = {Compositio Mathematica},
  volume = {65},
  number = {2},
  pages = {121--154},
  issn = {0010-437X},
  fjournal = {Compositio Mathematica},
  mrclass = {18E25 (32C35)},
  mrnumber = {932640},
  mrreviewer = {Michael M. Kapranov}
}

@book{MR932724,
  title = {Stratified {{Morse}} Theory},
  author = {Goresky, Mark and MacPherson, Robert},
  year = {1988},
  series = {Ergebnisse Der Mathematik Und Ihrer Grenzgebiete (3) [{{Results}} in Mathematics and Related Areas (3)]},
  volume = {14},
  pages = {xiv+272},
  publisher = {{Springer-Verlag, Berlin}},
  doi = {10.1007/978-3-642-71714-7},
  isbn = {3-540-17300-5},
  mrclass = {57R70 (14F45 32C10 32C42 57N80 58A35 58C27)},
  mrnumber = {932724},
  mrreviewer = {K. Lamotke}
}

@incollection{MR966447,
  title = {Convex Bodies and Algebraic Geometry\textemdash Toric Varieties and Applications. {{I}}},
  booktitle = {Algebraic {{Geometry Seminar}} ({{Singapore}}, 1987)},
  author = {Oda, Tadao},
  year = {1988},
  pages = {89--94},
  publisher = {{World Sci. Publishing, Singapore}},
  mrclass = {14L32 (52A25 52A43)},
  mrnumber = {966447},
  mrreviewer = {G. Ewald}
}

@article{schapiraMorseInequalitiesBf1992,
  title = {Morse Inequalities for \textbackslash bf {{R-constructible}} Sheaves},
  author = {Schapira, P. and Tose, N.},
  year = {1992},
  journal = {Advances in Mathematics},
  volume = {93},
  number = {1},
  pages = {1--8},
  issn = {0001-8708},
  doi = {10.1016/0001-8708(92)90022-D},
  mrnumber = {1160840}
}

@article{seidelGradedLagrangianSubmanifolds2000,
  title = {Graded {{Lagrangian}} Submanifolds},
  author = {Seidel, Paul},
  year = {2000},
  journal = {Bulletin de la Soci\'et\'e Math\'ematique de France},
  volume = {128},
  number = {1},
  pages = {103--149},
  issn = {0037-9484},
  mrnumber = {1765826}
}

@phdthesis{sepethesis,
  title = {The Integral Affine Geometry of {{Lagrangian}} Bundles},
  author = {Sepe, Daniele},
  year = {2011},
  month = mar,
  school = {Edinburgh}
}

@article{shawTropicalSurfaces2015a,
  title = {Tropical Surfaces},
  author = {Shaw, Kristin},
  year = {2015},
  month = jun,
  journal = {arXiv e-prints},
  pages = {arXiv:1506.07407},
  adsnote = {Provided by the SAO/NASA Astrophysics Data System},
  adsurl = {https://ui.adsabs.harvard.edu/abs/2015arXiv150607407S},
  eid = {arXiv:1506.07407},
  keywords = {14J99,14T05,Mathematics - Algebraic Geometry,Mathematics - Combinatorics}
}

@phdthesis{smacka2017differential,
  title = {Differential Forms on Tropical Spaces},
  author = {Smacka, Jascha},
  year = {2017},
  month = oct,
  abstract = {We show some basic cohomological properties of the double complex of differential forms on tropical spaces and the associated derived dual complexes. We then use these results to show that the tropical projective space satisfies an analogue of the ddc -lemma for complex manifolds.},
  keywords = {Aeppli cohomology,Bott-Chern cohomology,currents,ddc-lemma,derived categories,differential forms,homological algebra,Tropical manifolds}
}

@book{spanierAlgebraicTopology1981,
  title = {Algebraic Topology},
  author = {Spanier, Edwin H.},
  year = {1981},
  pages = {xvi+528},
  publisher = {{Springer-Verlag, New York-Berlin}},
  isbn = {0-387-90646-0},
  mrclass = {55-02},
  mrnumber = {666554}
}

@article{stromingerMirrorSymmetryTduality1996,
  title = {Mirror Symmetry Is {{T-Duality}}},
  author = {Strominger, Andrew and Yau, Shing-Tung and Zaslow, Eric},
  year = {1996},
  journal = {Nuclear Physics. B. Theoretical, Phenomenological, and Experimental High Energy Physics. Quantum Field Theory and Statistical Systems},
  volume = {479},
  number = {1-2},
  pages = {243--259},
  issn = {0550-3213},
  doi = {10.1016/0550-3213(96)00434-8},
  fjournal = {Nuclear Physics. B. Theoretical, Phenomenological, and Experimental High Energy Physics. Quantum Field Theory and Statistical Systems},
  mrclass = {32J17 (14J32 32J81 81T30)},
  mrnumber = {1429831},
  mrreviewer = {Mark Gross}
}

@misc{sumi2021riemannroch,
  title = {Riemann-{{Roch}} Inequality for Smooth Tropical Toric Surfaces},
  author = {Sumi, Ken},
  year = {2021},
  eprint = {2105.12216},
  primaryclass = {math.AG},
  archiveprefix = {arxiv}
}

@mastersthesis{yamaguchimaster,
  title = {On {{Leung--Yau--Zaslow}} Correspondences for Toric Varieties (in {{Japanese}})},
  author = {Yamaguchi, Kentaro},
  school = {Tokyo Metropolitan University}
}

@misc{yamamotoTropicalContractionsIntegral2021,
  title = {Tropical Contractions to Integral Affine Manifolds with Singularities},
  author = {Yamamoto, Yuto},
  year = {2021},
  publisher = {{arXiv}},
  doi = {10.48550/ARXIV.2105.10141},
  copyright = {arXiv.org perpetual, non-exclusive license},
  keywords = {Algebraic Geometry (math.AG),FOS: Mathematics}
}

@article{yoshinagaHyperplaneArrangementsLefschetz2007,
  title = {Hyperplane Arrangements and {{Lefschetz}}'s Hyperplane Section Theorem},
  author = {Yoshinaga, Masahiko},
  year = {2007},
  journal = {Kodai Mathematical Journal},
  volume = {30},
  number = {2},
  pages = {157--194},
  issn = {0386-5991},
  doi = {10.2996/kmj/1183475510},
  mrnumber = {2343416}
}

@misc{yoshitomi2011generators,
  title = {Generators of Modules in Tropical Geometry},
  author = {Yoshitomi, Shuhei},
  year = {2011},
  eprint = {1001.0448},
  primaryclass = {math.AG},
  archiveprefix = {arxiv}
}
